<?xml version="1.0" encoding="UTF-8"?><collection xmlns="http://www.loc.gov/MARC21/slim"><record><leader>00521nam--2200181-u-4500</leader><controlfield tag="001">000050562</controlfield><controlfield tag="002">20161230</controlfield><controlfield tag="005">20161230201048</controlfield><controlfield tag="008">070913s1000------------r-----000-0-rus-d</controlfield><datafield ind1=" " ind2=" " tag="040"><subfield code="a">IFIN-HH</subfield></datafield><datafield ind1=" " ind2=" " tag="041"><subfield code="a">rus</subfield></datafield><datafield ind1="1" ind2=" " tag="100"><subfield code="a">Aleksandrov,P.S</subfield></datafield><datafield ind1="1" ind2="0" tag="245"><subfield code="a">Trudy Moskovskogo Matematicheskogo Obshchestva</subfield><subfield code="b">Tom 14</subfield><subfield code="c">Ps. aleksandrov; i.m. gelfand; o.n. golovin</subfield></datafield><datafield ind1=" " ind2=" " tag="260"><subfield code="a">Moskva</subfield><subfield code="b">Izdatelstvo Moskobskogo Universiteta</subfield><subfield code="c">1955</subfield></datafield><datafield ind1=" " ind2=" " tag="300"><subfield code="a">337 p</subfield></datafield><datafield ind1="1" ind2=" " tag="700"><subfield code="a">Golovin,O.N</subfield></datafield><datafield ind1=" " ind2=" " tag="852"><subfield code="a">3726</subfield><subfield code="c">51</subfield></datafield><datafield ind1=" " ind2=" " tag="CAT"><subfield code="a">Sys</subfield><subfield code="c">20121219</subfield><subfield code="h">130702</subfield></datafield></record></collection>